% ====
% 1994
% ====
@ARTICLE{merskey1994classification,
  title={Classification of chronic pain; Description of chronic pain syndromes and definitions of pain Terms},
  author={Harold Merskey and Nikolai Bogduk},
  journal={Task force on taxonomy of the International Association for the Study of Pain},
  pages={41--43},
  year={1994},
  publisher={IASP press}
}

% ====
% 2005
% ====
@ARTICLE{10.1001/jama.294.8.947,
    author = {Lee, Susan J. and Ralston, Henry J. Peter and Drey, Eleanor A. and Partridge, John Colin and Rosen, Mark A.},
    title = "{Fetal Pain: A Systematic Multidisciplinary Review of the Evidence}",
    journal = {JAMA: Journal of the American Medical Association},
    volume = {294},
    number = {8},
    pages = {947-954},
    year = {2005},
    month = {08},
    issn = {0098-7484},
    doi = {10.1001/jama.294.8.947},
    url = {https://doi.org/10.1001/jama.294.8.947},
    eprint = {https://jamanetwork.com/journals/jama/articlepdf/201429/jcr50005.pdf},
}

@INPROCEEDINGS{DBLP:conf/wilf/BrahnamCSS05,
  author    = {Sheryl Brahnam and
               Chao{-}Fa Chuang and
               Frank Y. Shih and
               Melinda R. Slack},
  title     = {{SVM} Classification of Neonatal Facial Images of Pain},
  booktitle = {Fuzzy Logic and Applications, 6th International Workshop, {WILF} 2005,
               Crema, Italy, September 15-17, 2005, Revised Selected Papers},
  pages     = {121--128},
  year      = {2005},
  crossref  = {DBLP:conf/wilf/2005},
  url       = {https://doi.org/10.1007/11676935\_15},
  doi       = {10.1007/11676935\_15},
  timestamp = {Sun, 02 Jun 2019 21:16:27 +0200},
  biburl    = {https://dblp.org/rec/bib/conf/wilf/BrahnamCSS05},
  bibsource = {dblp computer science bibliography, https://dblp.org}
}

% ====
% 2008
% ====
@INPROCEEDINGS{DBLP:conf/ipcv/BrahnamNS08,
  author    = {Sheryl Brahnam and
               Loris Nanni and
               Randall S. Sexton},
  title     = {Neonatal Facial Pain Detection Using {NNSOA} and {LSVM}},
  booktitle = {Proceedings of the 2008 International Conference on Image Processing,
               Computer Vision, {\&} Pattern Recognition, {IPCV} 2008, July 14-17,
               2008, Las Vegas Nevada, USA, 2 Volumes},
  pages     = {352--357},
  year      = {2008},
  crossref  = {DBLP:conf/ipcv/2008},
  timestamp = {Fri, 06 Feb 2009 11:02:08 +0100},
  biburl    = {https://dblp.org/rec/bib/conf/ipcv/BrahnamNS08},
  bibsource = {dblp computer science bibliography, https://dblp.org}
}

% ====
% 2014
% ====
@INPROCEEDINGS{DBLP:conf/cvpr/RazavianASC14,
  author    = {Ali Sharif Razavian and
               Hossein Azizpour and
               Josephine Sullivan and
               Stefan Carlsson},
  title     = {{CNN} Features Off-the-Shelf: An Astounding Baseline for Recognition},
  booktitle = {{IEEE} Conference on Computer Vision and Pattern Recognition, {CVPR}
               Workshops 2014, Columbus, OH, USA, June 23-28, 2014},
  pages     = {512--519},
  year      = {2014},
  crossref  = {DBLP:conf/cvpr/2014w},
  url       = {https://doi.org/10.1109/CVPRW.2014.131},
  doi       = {10.1109/CVPRW.2014.131},
  timestamp = {Wed, 16 Oct 2019 14:14:50 +0200},
  biburl    = {https://dblp.org/rec/bib/conf/cvpr/RazavianASC14},
  bibsource = {dblp computer science bibliography, https://dblp.org}
}

@INPROCEEDINGS{DBLP:conf/nips/YosinskiCBL14,
  author    = {Jason Yosinski and
               Jeff Clune and
               Yoshua Bengio and
               Hod Lipson},
  title     = {How transferable are features in deep neural networks?},
  booktitle = {Advances in Neural Information Processing Systems 27: Annual Conference
               on Neural Information Processing Systems 2014, December 8-13 2014,
               Montreal, Quebec, Canada},
  pages     = {3320--3328},
  year      = {2014},
  crossref  = {DBLP:conf/nips/2014},
  url       = {http://papers.nips.cc/paper/5347-how-transferable-are-features-in-deep-neural-networks},
  timestamp = {Wed, 10 Dec 2014 21:34:12 +0100},
  biburl    = {https://dblp.org/rec/bib/conf/nips/YosinskiCBL14},
  bibsource = {dblp computer science bibliography, https://dblp.org}
}

@INPROCEEDINGS{DBLP:conf/eccv/ZeilerF14,
  author    = {Matthew D. Zeiler and
               Rob Fergus},
  title     = {Visualizing and Understanding Convolutional Networks},
  booktitle = {Computer Vision - {ECCV} 2014 - 13th European Conference, Zurich,
               Switzerland, September 6-12, 2014, Proceedings, Part {I}},
  pages     = {818--833},
  year      = {2014},
  crossref  = {DBLP:conf/eccv/2014-1},
  url       = {https://doi.org/10.1007/978-3-319-10590-1\_53},
  doi       = {10.1007/978-3-319-10590-1\_53},
  timestamp = {Tue, 14 May 2019 10:00:45 +0200},
  biburl    = {https://dblp.org/rec/bib/conf/eccv/ZeilerF14},
  bibsource = {dblp computer science bibliography, https://dblp.org}
}

% ====
% 2015
% ====
@INPROCEEDINGS{DBLP:journals/corr/SimonyanZ14a,
  author    = {Karen Simonyan and
               Andrew Zisserman},
  title     = {Very Deep Convolutional Networks for Large-Scale Image Recognition},
  booktitle = {3rd International Conference on Learning Representations, {ICLR} 2015,
               San Diego, CA, USA, May 7-9, 2015, Conference Track Proceedings},
  year      = {2015},
  crossref  = {DBLP:conf/iclr/2015},
  url       = {http://arxiv.org/abs/1409.1556},
  timestamp = {Wed, 17 Jul 2019 10:40:54 +0200},
  biburl    = {https://dblp.org/rec/bib/journals/corr/SimonyanZ14a},
  bibsource = {dblp computer science bibliography, https://dblp.org}
}

% ====
% 2016
% ====
@ARTICLE{DBLP:journals/corr/ZamzmiPGKSA16,
  author    = {Ghada Zamzami and
               Chih{-}Yun Pai and
               Dmitry B. Goldgof and
               Rangachar Kasturi and
               Yu Sun and
               Terri Ashmeade},
  title     = {Machine-based Multimodal Pain Assessment Tool for Infants: {A} Review},
  journal   = {CoRR},
  volume    = {abs/1607.00331},
  year      = {2016},
  url       = {http://arxiv.org/abs/1607.00331},
  archivePrefix = {arXiv},
  eprint    = {1607.00331},
  timestamp = {Sat, 15 Dec 2018 13:09:52 +0100},
  biburl    = {https://dblp.org/rec/bib/journals/corr/ZamzmiPGKSA16},
  bibsource = {dblp computer science bibliography, https://dblp.org}
}

@ARTICLE{DBLP:journals/corr/ZhangZL016,
  author    = {Kaipeng Zhang and
               Zhanpeng Zhang and
               Zhifeng Li and
               Yu Qiao},
  title     = {Joint Face Detection and Alignment using Multi-task Cascaded Convolutional
               Networks},
  journal   = {CoRR},
  volume    = {abs/1604.02878},
  year      = {2016},
  url       = {http://arxiv.org/abs/1604.02878},
  archivePrefix = {arXiv},
  eprint    = {1604.02878},
  timestamp = {Mon, 13 Aug 2018 16:46:42 +0200},
  biburl    = {https://dblp.org/rec/bib/journals/corr/ZhangZL016},
  bibsource = {dblp computer science bibliography, https://dblp.org}
}

% ====
% 2017
% ====
@INPROCEEDINGS{DBLP:conf/iciap/CelonaM17,
  author    = {Luigi Celona and
               Luca Manoni},
  title     = {Neonatal Facial Pain Assessment Combining Hand-Crafted and Deep Features},
  booktitle = {New Trends in Image Analysis and Processing - {ICIAP} 2017 - {ICIAP}
               International Workshops, WBICV, SSPandBE, 3AS, RGBD, NIVAR, IWBAAS,
               and MADiMa 2017, Catania, Italy, September 11-15, 2017, Revised Selected
               Papers},
  pages     = {197--204},
  year      = {2017},
  crossref  = {DBLP:conf/iciap/2017w},
  url       = {https://doi.org/10.1007/978-3-319-70742-6\_19},
  doi       = {10.1007/978-3-319-70742-6\_19},
  timestamp = {Tue, 14 May 2019 10:00:50 +0200},
  biburl    = {https://dblp.org/rec/bib/conf/iciap/CelonaM17},
  bibsource = {dblp computer science bibliography, https://dblp.org}
}

@ARTICLE{DBLP:journals/corr/abs-1712-04621,
  author    = {Luis Perez and
               Jason Wang},
  title     = {The Effectiveness of Data Augmentation in Image Classification using
               Deep Learning},
  journal   = {CoRR},
  volume    = {abs/1712.04621},
  year      = {2017},
  url       = {http://arxiv.org/abs/1712.04621},
  archivePrefix = {arXiv},
  eprint    = {1712.04621},
  timestamp = {Mon, 13 Aug 2018 16:48:03 +0200},
  biburl    = {https://dblp.org/rec/bib/journals/corr/abs-1712-04621},
  bibsource = {dblp computer science bibliography, https://dblp.org}
}

% ====
% 2018
% ====
@ARTICLE{DBLP:journals/corr/abs-1807-01631,
  author    = {Ghada Zamzami and
               Dmitry B. Goldgof and
               Rangachar Kasturi and
               Yu Sun},
  title     = {Neonatal Pain Expression Recognition Using Transfer Learning},
  journal   = {CoRR},
  volume    = {abs/1807.01631},
  year      = {2018},
  url       = {http://arxiv.org/abs/1807.01631},
  archivePrefix = {arXiv},
  eprint    = {1807.01631},
  timestamp = {Sat, 15 Dec 2018 13:09:47 +0100},
  biburl    = {https://dblp.org/rec/bib/journals/corr/abs-1807-01631},
  bibsource = {dblp computer science bibliography, https://dblp.org}
}

@article{DBLP:journals/ieicet/ZhiZGALS18,
  author    = {Ruicong Zhi and
               Ghada Zamzami and
               Dmitry B. Goldgof and
               Terri Ashmeade and
               Tingting Li and
               Yu Sun},
  title     = {Infants' Pain Recognition Based on Facial Expression: Dynamic Hybrid
               Descriptions},
  journal   = {{IEICE} Transactions},
  volume    = {101-D},
  number    = {7},
  pages     = {1860--1869},
  year      = {2018},
  url       = {https://doi.org/10.1587/transinf.2017EDP7272},
  doi       = {10.1587/transinf.2017EDP7272},
  timestamp = {Sat, 19 Oct 2019 19:09:43 +0200},
  biburl    = {https://dblp.org/rec/bib/journals/ieicet/ZhiZGALS18},
  bibsource = {dblp computer science bibliography, https://dblp.org}
}

% ====
% 2019
% ====
@INPROCEEDINGS{DBLP:conf/ph/CelonaBB19,
  author    = {Luigi Celona and
               Sheryl Brahnam and
               Simone Bianco},
  title     = {Getting the most of few data for neonatal pain assessment},
  booktitle = {Proceedings of the 13th {EAI} International Conference on Pervasive
               Computing Technologies for Healthcare, PervasiveHealth 2019, Trento,
               Italy, 20-23 May 2019},
  pages     = {298--301},
  year      = {2019},
  crossref  = {DBLP:conf/ph/2019},
  url       = {https://doi.org/10.1145/3329189.3329219},
  doi       = {10.1145/3329189.3329219},
  timestamp = {Wed, 25 Sep 2019 18:15:53 +0200},
  biburl    = {https://dblp.org/rec/bib/conf/ph/CelonaBB19},
  bibsource = {dblp computer science bibliography, https://dblp.org}
}

@ARTICLE{DBLP:journals/corr/abs-1908-00473,
  author    = {Pengyi Zhang and
               Yunxin Zhong and
               Yulin Deng and
               Xiaoying Tang and
               Xiaoqiong Li},
  title     = {A Survey on Deep Learning of Small Sample in Biomedical Image Analysis},
  journal   = {CoRR},
  volume    = {abs/1908.00473},
  year      = {2019},
  url       = {http://arxiv.org/abs/1908.00473},
  archivePrefix = {arXiv},
  eprint    = {1908.00473},
  timestamp = {Fri, 09 Aug 2019 12:15:56 +0200},
  biburl    = {https://dblp.org/rec/bib/journals/corr/abs-1908-00473},
  bibsource = {dblp computer science bibliography, https://dblp.org}
}

@ARTICLE{DBLP:journals/corr/abs-1909-02543,
  author    = {Md Sirajus Salekin and
               Ghada Zamzami and
               Rahul Paul and
               Dmitry B. Goldgof and
               Rangachar Kasturi and
               Thao Ho and
               Yu Sun},
  title     = {Harnessing the Power of Deep Learning Methods in Healthcare: Neonatal
               Pain Assessment from Crying Sound},
  journal   = {CoRR},
  volume    = {abs/1909.02543},
  year      = {2019},
  url       = {http://arxiv.org/abs/1909.02543},
  archivePrefix = {arXiv},
  eprint    = {1909.02543},
  timestamp = {Mon, 16 Sep 2019 17:27:14 +0200},
  biburl    = {https://dblp.org/rec/bib/journals/corr/abs-1909-02543},
  bibsource = {dblp computer science bibliography, https://dblp.org}
}

@INPROCEEDINGS{DBLP:conf/smc/SalekinZGKH019,
  author    = {Md Sirajus Salekin and
               Ghada Zamzami and
               Dmitry B. Goldgof and
               Rangachar Kasturi and
               Thao Ho and
               Yu Sun},
  title     = {Multi-Channel Neural Network for Assessing Neonatal Pain from Videos},
  booktitle = {2019 {IEEE} International Conference on Systems, Man and Cybernetics,
               {SMC} 2019, Bari, Italy, October 6-9, 2019},
  pages     = {1551--1556},
  year      = {2019},
  crossref  = {DBLP:conf/smc/2019},
  url       = {https://doi.org/10.1109/SMC.2019.8914537},
  doi       = {10.1109/SMC.2019.8914537},
  timestamp = {Fri, 06 Dec 2019 14:51:56 +0100},
  biburl    = {https://dblp.org/rec/bib/conf/smc/SalekinZGKH019},
  bibsource = {dblp computer science bibliography, https://dblp.org}
}

@MISC{howard2019fastai,
  title={fastai},
  author={Howard, Jeremy and others},
  year={2019},
  publisher={GitHub},
  howpublished={\url{https://github.com/fastai/fastai}},
}



% ==========================================


@ARTICLE{shashua97photometric,
  author = {Amnon Shashua},
  title = {On Photometric Issues in {3D} Visual Recognition from a Single {2D} Image},
  journal = {International Journal of Computer Vision ({IJCV})},
  year = {1997},
  volume = {21},
  pages = {99--122},
  number = {1/2},
}

@STRING{CVPR = {Proceedings of the {IEEE} Conference on Computer Vision and Pattern Recognition ({CVPR})}}

@STRING{ICCV = {Proceedings of the {IEEE} International Conference on Computer Vision ({ICCV})}}

@INPROCEEDINGS{bichsel92simple,
  author = {M. Bichsel and Alex P. Pentland},
  title = {A Simple Algorithm For Shape From Shading},
  booktitle = CVPR,
  year = {1992},
  pages = {459--465},
  url = {citeseer.csail.mit.edu/bichsel92simple.html},
}

@INPROCEEDINGS{dror01statistics,
  author = {Ron O. Dror and Thomas K. Leung and Edward H. Adelson and Alan S. Willsky},
  title = {Statistics of Real-World Illumination},
  booktitle = CVPR,
  year = {2001},
  month = {December},
}

@INPROCEEDINGS{guisser92new,
  author = {Latifa Guisser and René Payrissat and Serge Castan},
  title = {A new {3-D} surface measurement system using a structured light},
  booktitle = CVPR,
  year = {1992},
  pages = {784--786},
  month = {June},
}

@BOOK{horn86robot,
  title = {Robot Vision},
  publisher = {McGraw-Hill Book Company, Cambridge, Massachusetts},
  year = {1986},
  author = {Berthold Klaus Paul Horn},
  note = {MIT Electrical Engineering and Computer Science Series},
}

@INPROCEEDINGS{hougen93estimation,
  author = {Darrel R. Hougen and Narendra Ahuja},
  title = {Estimation Of The Light Source Distribution And Its Use In Integrated Shape Recovery From Stereo And Shading},
  booktitle = ICCV,
  year = {1993},
  pages = {148--155},
}

@INPROCEEDINGS{samaras99coupled,
  author = {Dimitris Samaras and Dimitris Metaxas},
  title = {Coupled Lighting Direction and Shape Estimation from Single Images},
  booktitle = ICCV,
  year = {1999},
  pages = {868--874},
}

@INPROCEEDINGS{sato01stability,
  author = {Imari Sato and Yoichi Sato and Katsushi Ikeuchi},
  title = {Stability Issues in Recovering Illumination Distribution from Brightness in Shadows},
  booktitle = CVPR,
  year = {2001},
  pages = {400--407},
  month = {December},
}

@INPROCEEDINGS{sato99illumination2,
  author = {Imari Sato and Yoichi Sato and Katsushi Ikeuchi},
  title = {Illumination Distribution from Brightness in Shadows: Adaptive Estimation of Illumination Distribution with Unknown Reflectance Properties in Shadow Regions},
  booktitle = ICCV,
  year = {1999},
  pages = {875--882},
  month = {September},
  citeseerurl = {http://citeseer.lcs.mit.edu/sato99illumination.html},
}

@INPROCEEDINGS{sato99illumination1,
  author = {Imari Sato and Yoichi Sato and Katsushi Ikeuchi},
  title = {Illumination Distribution from Shadows},
  booktitle = CVPR,
  year = {1999},
  pages = {306--312},
  month = {June},
}

@ARTICLE{shashua97photometric,
  author = {Amnon Shashua},
  title = {On Photometric Issues in {3D} Visual Recognition from a Single {2D} Image},
  journal = {International Journal of Computer Vision ({IJCV})},
  year = {1997},
  volume = {21},
  pages = {99--122},
  number = {1/2},
}
